@article{aspnes2014notes,
  title={Notes on Randomized Algorithms CPSC 469/569},
  author={Aspnes, James},
  year={Fall 2016}
}

@article{aspnes2013notes,
  title={Notes on Discrete Mathematics CS 202: Fall 2013},
  author={Aspnes, James},
  year={2013}
}

@article{chawla2004chernoff,
  title={Notes on Randomized Algorithms: Chernoff Bounds},
  author={Chawla, Shuchi},
  month = {October},
  year={2004}
}

@article{bigdata2015jelani,
  title={Algorithms for Big Data},
  author={Nelson, Jelani},
  year={Fall 2015},
  publisher={University of Harvard}
}

@book{leskovec2014mining,
  title={Mining of massive datasets},
  author={Leskovec, Jure and Rajaraman, Anand and Ullman, Jeffrey David},
  year={2014},
  publisher={Cambridge University Press}
}

@article{harvey2011randomized,
  title={CPSC 536N: Randomized Algorithms},
  author={Harvey, Nick},
  month = {December},
  year={2011},
  publisher={University of British Columbia}
}

@article{freedman2010graphs,
  title={Notes on Data Structures and Algorithm Analysis: Graphs},
  author={Freedman,Reva},
  year={Spring 2010}
}
