@misc{wiki:big_data,
   author = "Wikipedia",
   title = "{Big data} --- {W}ikipedia{,} The Free Encyclopedia",
   year = "2017",
   howpublished = {\url{http://en.wikipedia.org/w/index.php?title=Big\%20data&oldid=782715255}},
   note = "[Online; accessed February-2017]"
 }

@misc{uva:tfg-teaching-guide,
  title         = {{Trabajo de Fin de Grado (Mención en Computación)}},
  year          = {2016/17},
  publisher     = {E.T.S. Ingeniería Informática de la Universidad de valladolid},
  note          = {\url{https://www.inf.uva.es/wp-content/uploads/2016/06/G46978.pdf}},
}

@misc{Babai79monte-carloalgorithms,
  author  = {László Babai},
  title   = {Monte-Carlo algorithms in graph isomorphism testing},
  year    = {1979}
}

@misc{ITS-def-data-stream,
  author  = {{Institute for Telecommunication Sciences}},
  title   = {Definitions: Data Stream},
  month   = mar,
  year    = {2017},
  note    = {\url{https://www.its.bldrdoc.gov/fs-1037/dir-010/_1451.htm}}
}

@misc{gnu:regular-expresions-fundamental-structure,
  author  = {{GNU, Grep}},
  month   = mar,
  year    = {2017},
  title   = {Regular Expresions: Fundamental Structure},
  note    = {\url{https://www.gnu.org/software/grep/manual/html_node/Fundamental-Structure.html}}
}

@misc{wiki:Bloom_filter,
   author = "Wikipedia",
   title = "{Bloom filter} --- {W}ikipedia{,} The Free Encyclopedia",
   year = "2017",
   howpublished = {\url{http://en.wikipedia.org/w/index.php?title=Bloom\%20filter&oldid=776072844}},
   note = "[Online; accessed 03-June-2017]"
 }

 @misc{wiki:Graph_(discrete_mathematics),
   author = "Wikipedia",
   title = "{Graph (discrete mathematics)} --- {W}ikipedia{,} The Free Encyclopedia",
   year = "2017",
   howpublished = {\url{http://en.wikipedia.org/w/index.php?title=Graph\%20(discrete\%20mathematics)&oldid=779199071}},
   note = "[Online; accessed 07-June-2017]"
 }

 @misc{wiki:Community_structure,
   author = "Wikipedia",
   title = "{Community structure} --- {W}ikipedia{,} The Free Encyclopedia",
   year = "2017",
   howpublished = {\url{http://en.wikipedia.org/w/index.php?title=Community\%20structure&oldid=781588402}},
   note = "[Online; accessed 12-June-2017]"
 }

 @misc{wiki:Minimum_spanning_tree,
   author = "Wikipedia",
   title = "{Minimum spanning tree} --- {W}ikipedia{,} The Free Encyclopedia",
   year = "2017",
   howpublished = {\url{http://en.wikipedia.org/w/index.php?title=Minimum\%20spanning\%20tree&oldid=782387339}},
   note = "[Online; accessed 15-June-2017]"
 }

 @misc{wiki:Boruvkas_algorithm,
   author = "Wikipedia",
   title = "{Borůvka's algorithm} --- {W}ikipedia{,} The Free Encyclopedia",
   year = "2017",
   howpublished = {\url{http://en.wikipedia.org/w/index.php?title=Bor\%C5\%AFvka's\%20algorithm&oldid=773835173}},
   note = "[Online; accessed 16-June-2017]"
 }
