@misc{tool:latex,
  title         = {{LaTeX}},
  howpublished  = {\url{https://www.latex-project.org}},
}

@misc{tool:mactex,
  title         = {{MacTex}},
  publisher     = {TeX User Group},
  howpublished  = {\url{http://www.tug.org/mactex}},
}

@misc{tool:sharelatex,
  title         = {{ShareLaTeX}},
  howpublished  = {\url{https://www.sharelatex.com}},
}

@misc{tool:overleaf,
  title         = {{Overleaf}},
  howpublished  = {\url{https://www.overleaf.com}},
}

@misc{tool:atom,
  title         = {{Atom}},
  howpublished  = {\url{https://atom.io}},
}

@misc{tool:atom-latex,
  title         = {{Atom Package: LaTeX}},
  howpublished  = {\url{https://atom.io/packages/latex}},
}

@misc{tool:atom-language-latex,
  title         = {{Atom Package: Language LaTeX}},
  howpublished  = {\url{https://atom.io/packages/language-latex}},
}

@misc{tool:atom-pdf-view,
  title         = {{Atom Package: PDF View}},
  howpublished  = {\url{https://atom.io/packages/pdf-view}},
}

@misc{tool:git,
  title         = {{Git}},
  howpublished  = {\url{https://www.git-scm.com}},
}

@misc{tool:github,
  title         = {{GitHub}},
  howpublished  = {\url{https://github.com}},
}
