@inproceedings{acharya1999join,
  title={Join synopses for approximate query answering},
  author={Acharya, Swarup and Gibbons, Phillip B and Poosala, Viswanath and Ramaswamy, Sridhar},
  booktitle={ACM SIGMOD Record},
  volume={28},
  number={2},
  pages={275--286},
  year={1999},
  organization={ACM}
}

@inproceedings{charikar2002finding,
  title={Finding frequent items in data streams},
  author={Charikar, Moses and Chen, Kevin and Farach-Colton, Martin},
  booktitle={International Colloquium on Automata, Languages, and Programming},
  pages={693--703},
  year={2002},
  organization={Springer}
}

@inproceedings{alon1996space,
  title={The space complexity of approximating the frequency moments},
  author={Alon, Noga and Matias, Yossi and Szegedy, Mario},
  booktitle={Proceedings of the twenty-eighth annual ACM symposium on Theory of computing},
  pages={20--29},
  year={1996},
  organization={ACM}
}

@inproceedings{flajolet2007hyperloglog,
  title={Hyperloglog: the analysis of a near-optimal cardinality estimation algorithm},
  author={Flajolet, Philippe and Fusy, {\'E}ric and Gandouet, Olivier and Meunier, Fr{\'e}d{\'e}ric},
  booktitle={Analysis of Algorithms 2007 (AofA07)},
  pages={127--146},
  year={2007}
}

@inproceedings{indyk2005optimal,
  title={Optimal approximations of the frequency moments of data streams},
  author={Indyk, Piotr and Woodruff, David},
  booktitle={Proceedings of the thirty-seventh annual ACM symposium on Theory of computing},
  pages={202--208},
  year={2005},
  organization={ACM}
}

@inproceedings{durand2003loglog,
  title={Loglog counting of large cardinalities},
  author={Durand, Marianne and Flajolet, Philippe},
  booktitle={European Symposium on Algorithms},
  pages={605--617},
  year={2003},
  organization={Springer}
}

@inproceedings{kane2010optimal,
  title={An optimal algorithm for the distinct elements problem},
  author={Kane, Daniel M and Nelson, Jelani and Woodruff, David P},
  booktitle={Proceedings of the twenty-ninth ACM SIGMOD-SIGACT-SIGART symposium on Principles of database systems},
  pages={41--52},
  year={2010},
  organization={ACM}
}

@inproceedings{indyk1998approximate,
  title={Approximate nearest neighbors: towards removing the curse of dimensionality},
  author={Indyk, Piotr and Motwani, Rajeev},
  booktitle={Proceedings of the thirtieth annual ACM symposium on Theory of computing},
  pages={604--613},
  year={1998},
  organization={ACM}
}

@inproceedings{agarwal2013blinkdb,
  title={BlinkDB: queries with bounded errors and bounded response times on very large data},
  author={Agarwal, Sameer and Mozafari, Barzan and Panda, Aurojit and Milner, Henry and Madden, Samuel and Stoica, Ion},
  booktitle={Proceedings of the 8th ACM European Conference on Computer Systems},
  pages={29--42},
  year={2013},
  organization={ACM}
}

@inproceedings{heule2013hyperloglog,
  title={HyperLogLog in practice: algorithmic engineering of a state of the art cardinality estimation algorithm},
  author={Heule, Stefan and Nunkesser, Marc and Hall, Alexander},
  booktitle={Proceedings of the 16th International Conference on Extending Database Technology},
  pages={683--692},
  year={2013},
  organization={ACM}
}

@inproceedings{ahn2012analyzing,
  title={Analyzing graph structure via linear measurements},
  author={Ahn, Kook Jin and Guha, Sudipto and McGregor, Andrew},
  booktitle={Proceedings of the twenty-third annual ACM-SIAM symposium on Discrete Algorithms},
  pages={459--467},
  year={2012},
  organization={Society for Industrial and Applied Mathematics}
}

@inproceedings{ahn2012graph,
  title={Graph sketches: sparsification, spanners, and subgraphs},
  author={Ahn, Kook Jin and Guha, Sudipto and McGregor, Andrew},
  booktitle={Proceedings of the 31st ACM SIGMOD-SIGACT-SIGAI symposium on Principles of Database Systems},
  pages={5--14},
  year={2012},
  organization={ACM}
}

@inproceedings{elkin2007streaming,
  title={Streaming and fully dynamic centralized algorithms for constructing and maintaining sparse spanners},
  author={Elkin, Michael},
  booktitle={International Colloquium on Automata, Languages, and Programming},
  pages={716--727},
  year={2007},
  organization={Springer}
}

@inproceedings{jowhari2011tight,
  title={Tight bounds for lp samplers, finding duplicates in streams, and related problems},
  author={Jowhari, Hossein and Sa{\u{g}}lam, Mert and Tardos, G{\'a}bor},
  booktitle={Proceedings of the thirtieth ACM SIGMOD-SIGACT-SIGART symposium on Principles of database systems},
  pages={49--58},
  year={2011},
  organization={ACM}
}

@inproceedings{bar2002reductions,
  title={Reductions in streaming algorithms, with an application to counting triangles in graphs},
  author={Bar-Yossef, Ziv and Kumar, Ravi and Sivakumar, D},
  booktitle={Proceedings of the thirteenth annual ACM-SIAM symposium on Discrete algorithms},
  pages={623--632},
  year={2002},
  organization={Society for Industrial and Applied Mathematics}
}

@inproceedings{haveliwala2002topic,
  title={Topic-sensitive pagerank},
  author={Haveliwala, Taher H},
  booktitle={Proceedings of the 11th international conference on World Wide Web},
  pages={517--526},
  year={2002},
  organization={ACM}
}

@techreport{kamvar2003exploiting,
  title={Exploiting the block structure of the web for computing pagerank},
  author={Kamvar, Sepandar and Haveliwala, Taher and Manning, Christopher and Golub, Gene},
  year={2003},
  institution={Stanford}
}

@inproceedings{jeh2003scaling,
  title={Scaling personalized web search},
  author={Jeh, Glen and Widom, Jennifer},
  booktitle={Proceedings of the 12th international conference on World Wide Web},
  pages={271--279},
  year={2003},
  organization={ACM}
}

@inproceedings{sarlos2006randomize,
  title={To randomize or not to randomize: space optimal summaries for hyperlink analysis},
  author={Sarl{\'o}s, Tam{\'a}s and Bencz{\'u}r, Adr{\'a}s A and Csalog{\'a}ny, K{\'a}roly and Fogaras, D{\'a}niel and R{\'a}cz, Bal{\'a}zs},
  booktitle={Proceedings of the 15th international conference on World Wide Web},
  pages={297--306},
  year={2006},
  organization={ACM}
}

@inproceedings{jeh2002simrank,
  title={SimRank: a measure of structural-context similarity},
  author={Jeh, Glen and Widom, Jennifer},
  booktitle={Proceedings of the eighth ACM SIGKDD international conference on Knowledge discovery and data mining},
  pages={538--543},
  year={2002},
  organization={ACM}
}

@inproceedings{gupta2013wtf,
  title={Wtf: The who to follow service at twitter},
  author={Gupta, Pankaj and Goel, Ashish and Lin, Jimmy and Sharma, Aneesh and Wang, Dong and Zadeh, Reza},
  booktitle={Proceedings of the 22nd international conference on World Wide Web},
  pages={505--514},
  year={2013},
  organization={ACM}
}

@inproceedings{cormode2013unifying,
  title={On unifying the space of L0-sampling algorithms},
  author={Cormode, Graham and Firmani, Donatella},
  booktitle={Proceedings of the Meeting on Algorithm Engineering \& Expermiments},
  pages={163--172},
  year={2013},
  organization={Society for Industrial and Applied Mathematics}
}

@inproceedings{xin2013graphx,
  title={Graphx: A resilient distributed graph system on spark},
  author={Xin, Reynold S and Gonzalez, Joseph E and Franklin, Michael J and Stoica, Ion},
  booktitle={First International Workshop on Graph Data Management Experiences and Systems},
  pages={2},
  year={2013},
  organization={ACM}
}

@inproceedings{ghemawat2003google,
  title={The Google file system},
  author={Ghemawat, Sanjay and Gobioff, Howard and Leung, Shun-Tak},
  booktitle={ACM SIGOPS operating systems review},
  volume={37},
  number={5},
  pages={29--43},
  year={2003},
  organization={ACM}
}

@inproceedings{shvachko2010hadoop,
  title={The hadoop distributed file system},
  author={Shvachko, Konstantin and Kuang, Hairong and Radia, Sanjay and Chansler, Robert},
  booktitle={Mass storage systems and technologies (MSST), 2010 IEEE 26th symposium on},
  pages={1--10},
  year={2010},
  organization={IEEE}
}

@inproceedings{mckinney2010data,
  title={Data structures for statistical computing in python},
  author={McKinney, Wes and others},
  booktitle={Proceedings of the 9th Python in Science Conference},
  volume={445},
  pages={51--56},
  year={2010},
  organization={SciPy Austin, TX}
}

@inproceedings{haakansson2013portal,
  title={Portal of research methods and methodologies for research projects and degree projects},
  author={H{\aa}kansson, Anne},
  booktitle={Proceedings of the International Conference on Frontiers in Education: Computer Science and Computer Engineering (FECS)},
  pages={1},
  year={2013},
  organization={The Steering Committee of The World Congress in Computer Science, Computer Engineering and Applied Computing (WorldComp)}
}
