@article{estadistica2016notes,
  author={San José Nieto, Luis Augusto and Suárez Barrio, Araceli},
  title={Grado en Ingeniería Informática, UVa: Estadística},
  publisher={Universidad de Valladolid},
  year={2016}
}

@article{matematicaDiscreta2016notes,
  author={Larrinaga Miner,Esperanza and Pérez Martínez,María Felisa and Suárez Barrio, Araceli},
  title={Grado en Ingeniería Informática, UVa: Matemática Discreta},
  publisher={Universidad de Valladolid},
  year={2014}
}
