@article{morris1978counting,
  title={Counting large numbers of events in small registers},
  author={Morris, Robert},
  journal={Communications of the ACM},
  volume={21},
  number={10},
  pages={840--842},
  year={1978},
  publisher={ACM}
}
@article{bloom1970space,
  title={Space/time trade-offs in hash coding with allowable errors},
  author={Bloom, Burton H},
  journal={Communications of the ACM},
  volume={13},
  number={7},
  pages={422--426},
  year={1970},
  publisher={ACM}
}
@article{flajolet1985probabilistic,
  title={Probabilistic counting algorithms for data base applications},
  author={Flajolet, Philippe and Martin, G Nigel},
  journal={Journal of computer and system sciences},
  volume={31},
  number={2},
  pages={182--209},
  year={1985},
  publisher={Elsevier}
}
@inproceedings{alon1996space,
  title={The space complexity of approximating the frequency moments},
  author={Alon, Noga and Matias, Yossi and Szegedy, Mario},
  booktitle={Proceedings of the twenty-eighth annual ACM symposium on Theory of computing},
  pages={20--29},
  year={1996},
  organization={ACM}
}
@article{cormode2005improved,
  title={An improved data stream summary: the count-min sketch and its applications},
  author={Cormode, Graham and Muthukrishnan, Shan},
  journal={Journal of Algorithms},
  volume={55},
  number={1},
  pages={58--75},
  year={2005},
  publisher={Elsevier}
}
@inproceedings{charikar2002finding,
  title={Finding frequent items in data streams},
  author={Charikar, Moses and Chen, Kevin and Farach-Colton, Martin},
  booktitle={International Colloquium on Automata, Languages, and Programming},
  pages={693--703},
  year={2002},
  organization={Springer}
}
@inproceedings{flajolet2007hyperloglog,
  title={Hyperloglog: the analysis of a near-optimal cardinality estimation algorithm},
  author={Flajolet, Philippe and Fusy, {\'E}ric and Gandouet, Olivier and Meunier, Fr{\'e}d{\'e}ric},
  booktitle={Analysis of Algorithms 2007 (AofA07)},
  pages={127--146},
  year={2007}
}
@inproceedings{jowhari2011tight,
  title={Tight bounds for lp samplers, finding duplicates in streams, and related problems},
  author={Jowhari, Hossein and Sa{\u{g}}lam, Mert and Tardos, G{\'a}bor},
  booktitle={Proceedings of the thirtieth ACM SIGMOD-SIGACT-SIGART symposium on Principles of database systems},
  pages={49--58},
  year={2011},
  organization={ACM}
}
@article{feigenbaum2005graph,
  title={On graph problems in a semi-streaming model},
  author={Feigenbaum, Joan and Kannan, Sampath and McGregor, Andrew and Suri, Siddharth and Zhang, Jian},
  journal={Theoretical Computer Science},
  volume={348},
  number={2-3},
  pages={207--216},
  year={2005},
  publisher={Elsevier}
}
@inproceedings{bar2002reductions,
  title={Reductions in streaming algorithms, with an application to counting triangles in graphs},
  author={Bar-Yossef, Ziv and Kumar, Ravi and Sivakumar, D},
  booktitle={Proceedings of the thirteenth annual ACM-SIAM symposium on Discrete algorithms},
  pages={623--632},
  year={2002},
  organization={Society for Industrial and Applied Mathematics}
}
@inproceedings{ahn2012analyzing,
  title={Analyzing graph structure via linear measurements},
  author={Ahn, Kook Jin and Guha, Sudipto and McGregor, Andrew},
  booktitle={Proceedings of the twenty-third annual ACM-SIAM symposium on Discrete Algorithms},
  pages={459--467},
  year={2012},
  organization={Society for Industrial and Applied Mathematics}
}
@article{sarma2011estimating,
  title={Estimating pagerank on graph streams},
  author={Sarma, Atish Das and Gollapudi, Sreenivas and Panigrahy, Rina},
  journal={Journal of the ACM (JACM)},
  volume={58},
  number={3},
  pages={13},
  year={2011},
  publisher={ACM}
}
@article{kleinberg1999authoritative,
  title={Authoritative sources in a hyperlinked environment},
  author={Kleinberg, Jon M},
  journal={Journal of the ACM (JACM)},
  volume={46},
  number={5},
  pages={604--632},
  year={1999},
  publisher={ACM}
}
@article{lempel2001salsa,
  title={SALSA: the stochastic approach for link-structure analysis},
  author={Lempel, Ronny and Moran, Shlomo},
  journal={ACM Transactions on Information Systems (TOIS)},
  volume={19},
  number={2},
  pages={131--160},
  year={2001},
  publisher={ACM}
}
@inproceedings{jeh2002simrank,
  title={SimRank: a measure of structural-context similarity},
  author={Jeh, Glen and Widom, Jennifer},
  booktitle={Proceedings of the eighth ACM SIGKDD international conference on Knowledge discovery and data mining},
  pages={538--543},
  year={2002},
  organization={ACM}
}
@article{abadi2016tensorflow,
  title={Tensorflow: Large-scale machine learning on heterogeneous distributed systems},
  author={Abadi, Mart{\'\i}n and Agarwal, Ashish and Barham, Paul and Brevdo, Eugene and Chen, Zhifeng and Citro, Craig and Corrado, Greg S and Davis, Andy and Dean, Jeffrey and Devin, Matthieu and others},
  journal={arXiv preprint arXiv:1603.04467},
  year={2016}
}
